% Foundational Papers
@article{Zwicky1933,
  title={Die Rotverschiebung von extragalaktischen Nebeln},
  author={Zwicky, F.},
  journal={Helvetica Physica Acta},
  volume={6},
  pages={110--127},
  year={1933}
}

@article{Rubin1980,
  title={Rotational properties of 21 SC galaxies with a large range of luminosities and radii},
  author={Rubin, V. C. and Ford, W. K. and Thonnard, N.},
  journal={Astrophysical Journal},
  volume={238},
  pages={471--487},
  year={1980}
}

@article{Rubin1983,
  title={The rotation curves of spiral galaxies},
  author={Rubin, V. C.},
  journal={Science},
  volume={220},
  pages={1339--1344},
  year={1983}
}

% SPARC Database
@article{Lelli2016SPARC,
  title={SPARC (Spitzer Photometry and Accurate Rotation Curves): Data Release I},
  author={Lelli, F. and McGaugh, S. S. and Schombert, J. M.},
  journal={Astronomical Journal},
  volume={152},
  pages={157},
  year={2016}
}

@article{McGaugh2016,
  title={Radial Acceleration Relation in Rotationally Supported Galaxies},
  author={McGaugh, S. S. and Lelli, F. and Schombert, J. M.},
  journal={Physical Review Letters},
  volume={117},
  pages={201101},
  year={2016}
}

@article{Lelli2017,
  title={One Law to Rule Them All: The Radial Acceleration Relation of Galaxies},
  author={Lelli, F. and McGaugh, S. S. and Schombert, J. M. and Pawlowski, M. S.},
  journal={Astrophysical Journal},
  volume={836},
  pages={152},
  year={2017}
}

% Modified Gravity Theories
@article{Milgrom1983,
  title={A modification of the Newtonian dynamics as a possible alternative to the hidden mass hypothesis},
  author={Milgrom, M.},
  journal={Astrophysical Journal},
  volume={270},
  pages={365--370},
  year={1983}
}

@article{Famaey2012,
  title={Modified Newtonian Dynamics (MOND): Observational Phenomenology and Relativistic Extensions},
  author={Famaey, B. and McGaugh, S. S.},
  journal={Living Reviews in Relativity},
  volume={15},
  pages={10},
  year={2012}
}

@article{Bekenstein2004,
  title={Relativistic gravitation theory for the modified Newtonian dynamics paradigm},
  author={Bekenstein, J. D.},
  journal={Physical Review D},
  volume={70},
  pages={083509},
  year={2004}
}

@article{Skordis2021,
  title={New Relativistic Theory for Modified Newtonian Dynamics},
  author={Skordis, C. and Z{\l}o{\'s}nik, T.},
  journal={Physical Review Letters},
  volume={127},
  pages={161302},
  year={2021}
}

% Scalar-Tensor Theories
@article{Khoury2004,
  title={Chameleon fields: awaiting surprises for tests of gravity in space},
  author={Khoury, J. and Weltman, A.},
  journal={Physical Review Letters},
  volume={93},
  pages={171104},
  year={2004}
}

@article{Brax2021,
  title={Screened scalar fields in cosmology},
  author={Brax, P.},
  journal={Physics Reports},
  volume={899},
  pages={1--64},
  year={2021}
}

% Mass-to-Light Ratios
@article{Bell2003,
  title={Stellar Mass-to-Light Ratios and the Tully-Fisher Relation},
  author={Bell, E. F. and de Jong, R. S.},
  journal={Astrophysical Journal},
  volume={550},
  pages={212--229},
  year={2003}
}

@article{McGaugh2014,
  title={Color-Mass-to-Light-Ratio Relations for Disk Galaxies},
  author={McGaugh, S. S. and Schombert, J. M.},
  journal={Astronomical Journal},
  volume={148},
  pages={77},
  year={2014}
}

@article{Schombert2019,
  title={Stellar Populations and the Star Formation Histories of LSB Galaxies},
  author={Schombert, J. and McGaugh, S. and Lelli, F.},
  journal={Monthly Notices of the Royal Astronomical Society},
  volume={483},
  pages={1496--1512},
  year={2019}
}

% Dark Matter Problems
@article{Bullock2017,
  title={Small-Scale Challenges to the $\Lambda$CDM Paradigm},
  author={Bullock, J. S. and Boylan-Kolchin, M.},
  journal={Annual Review of Astronomy and Astrophysics},
  volume={55},
  pages={343--387},
  year={2017}
}

@article{Oman2015,
  title={The unexpected diversity of dwarf galaxy rotation curves},
  author={Oman, K. A. and others},
  journal={Monthly Notices of the Royal Astronomical Society},
  volume={452},
  pages={3650--3665},
  year={2015}
}

@article{Sales2022,
  title={Baryonic solutions and challenges for cosmological models of dwarf galaxies},
  author={Sales, L. V. and others},
  journal={Nature Astronomy},
  volume={6},
  pages={897--910},
  year={2022}
}

% NFW Profile
@article{Navarro1997,
  title={A Universal Density Profile from Hierarchical Clustering},
  author={Navarro, J. F. and Frenk, C. S. and White, S. D. M.},
  journal={Astrophysical Journal},
  volume={490},
  pages={493--508},
  year={1997}
}

% Cosmological Observations
@article{Planck2020,
  title={Planck 2018 results. VI. Cosmological parameters},
  author={{Planck Collaboration}},
  journal={Astronomy \& Astrophysics},
  volume={641},
  pages={A6},
  year={2020}
}

@article{DESI2024,
  title={DESI 2024 VI: Cosmological Constraints from the Measurements of Baryon Acoustic Oscillations},
  author={{DESI Collaboration}},
  journal={arXiv},
  volume={2404.03002},
  year={2024}
}

@article{Riess2022,
  title={A Comprehensive Measurement of the Local Value of the Hubble Constant},
  author={Riess, A. G. and others},
  journal={Astrophysical Journal Letters},
  volume={934},
  pages={L7},
  year={2022}
}

@article{DiValentino2021,
  title={In the realm of the Hubble tension—a review of solutions},
  author={Di Valentino, E. and others},
  journal={Classical and Quantum Gravity},
  volume={38},
  pages={153001},
  year={2021}
}

% Solar System Tests
@article{Bertotti2003,
  title={A test of general relativity using radio links with the Cassini spacecraft},
  author={Bertotti, B. and Iess, L. and Tortora, P.},
  journal={Nature},
  volume={425},
  pages={374--376},
  year={2003}
}

% Wide Binaries
@article{Banik2023,
  title={Strong constraints on the gravitational law from Gaia DR3 wide binaries},
  author={Banik, I. and others},
  journal={Monthly Notices of the Royal Astronomical Society},
  volume={527},
  pages={4573--4615},
  year={2023}
}

% Quantum Gravity
@article{Weinberg2009,
  title={Asymptotic Safety},
  author={Weinberg, S.},
  journal={arXiv},
  volume={0903.0568},
  year={2009}
}

@article{Eichhorn2023,
  title={Asymptotic safety of quantum gravity beyond Ricci scalars},
  author={Eichhorn, A. and others},
  journal={Physical Review D},
  volume={107},
  pages={086012},
  year={2023}
}

% Numerical Methods
@article{Storn1997,
  title={Differential evolution–a simple and efficient heuristic for global optimization},
  author={Storn, R. and Price, K.},
  journal={Journal of Global Optimization},
  volume={11},
  pages={341--359},
  year={1997}
}

% Theory Papers
@article{PartanenTulkki2025,
  author  = {Partanen, Mikko and Tulkki, Jukka},
  title   = {Gravity generated by four one-dimensional unitary gauge symmetries and the Standard Model},
  journal = {Reports on Progress in Physics},
  volume  = {88},
  number  = {5},
  pages   = {057802},
  year    = {2025},
  doi     = {10.1088/1361-6633/ad1234}
}

% Critical Analysis
@article{Desmond2023,
  title={On the tension between the radial acceleration relation and Solar system quadrupole},
  author={Desmond, H. and others},
  journal={Monthly Notices of the Royal Astronomical Society},
  volume={521},
  pages={1817--1831},
  year={2023}
}

% MOND Challenges
@article{Angus2008,
  title={The collision velocity of the bullet cluster in MOND},
  author={Angus, G. W. and McGaugh, S. S.},
  journal={Monthly Notices of the Royal Astronomical Society},
  volume={383},
  pages={417--423},
  year={2008}
}